@misc{pdf-culturaydeporte,
	author = "{Ministerio de Cultura y Deporte}",
	title = "{Anuario de Estadísticas Deportivas 2022. Instalaciones y espacios deportivos.}",
	howpublished = {\url{https://www.culturaydeporte.gob.es/dam/jcr:90d8389b-60eb-41b4-96c1-6f4734d356e5/nota-resumen-instalaciones-y-espacios-deportivos.pdf}},
	month = {},
	year = {2022},
	note = {(Accessed on 18/10/2022)}
}

@inproceedings{widoco,
	title="{WIDOCO: a wizard for documenting ontologies}",
	author="{Garijo, Daniel}",
	booktitle="{International Semantic Web Conference}",
	pages={94--102},
	year={2017},
	organization={Springer, Cham},
	doi = {10.1007/978-3-319-68204-4_9},
	funding = "{USNSF ICER-1541029, NIH 1R01GM117097-01}",
	url={http://dgarijo.com/papers/widoco-iswc2017.pdf}
}

@article{oops,
	title={{OOPS! (OntOlogy Pitfall Scanner!): An On-line Tool for Ontology Evaluation}},
	author={Poveda-Villal{\'o}n, Mar{\'i}a and G{\'o}mez-P{\'e}rez, Asunci{\'o}n and Su{\'a}rez-Figueroa, Mari Carmen},
	journal={International Journal on Semantic Web and Information Systems (IJSWIS)},
	volume={10},
	number={2},
	pages={7--34},
	year={2014},
	publisher={IGI Global}
}

@misc{opencitydata,
	author = {},
	title = {{OpenCityData}},
	howpublished = {\url{https://github.com/opencitydata/}},
	month = {},
	year = {}
}

@misc{ciudadesabiertas,
	author = {},
	title = {Ciudades Abiertas},
	howpublished = {\url{https://ciudadesabiertas.es/}},
	month = {},
	year = {}
}

@misc{oeg-neon,
	author = {{Ontology Engineering Group. UPM}},
	title = {{La Metodología NeOn}},
	howpublished = {\url{https://oeg.fi.upm.es/index.php/es/methodologies/59-neon-methodology/index.html#:~:text=La%20Metodolog%C3%ADa%20NeOn%20para%20la,de%20ontolog%C3%ADas%20en%20entornos%20distribuidos}},
	month = {},
	year = {}
}

@misc{oeg-glossary,
	author = {{Ontology Engineering Group. UPM}},
	title = {The terms (and their definitions) included in the NeOn Glossary are},
	howpublished = {\url{https://oeg.fi.upm.es/files/pdf/NeOnGlossary.pdf}},
	month = {},
	year = {}
}
@misc{lov,
	author = {},
	title = {{Linked Open Vocabularies}},
	howpublished = {\url{https://lov.linkeddata.es/dataset/lov}},
	month = {},
	year = {}
}